<?xml version="1.0" encoding="UTF-8"?><collection xmlns="http://www.loc.gov/MARC21/slim"><record><leader>00659nam--2200193-i-4500</leader><controlfield tag="001">000014487</controlfield><controlfield tag="002">20161230</controlfield><controlfield tag="005">20170116135829</controlfield><controlfield tag="008">060222s1000------------r-----000-0-eng-d</controlfield><datafield ind1=" " ind2=" " tag="040"><subfield code="a">IFIN-HH</subfield></datafield><datafield ind1=" " ind2=" " tag="080"><subfield code="a">539.173:539.142.3(061.3)</subfield></datafield><datafield ind1="1" ind2=" " tag="100"><subfield code="a">David, P</subfield></datafield><datafield ind1="1" ind2="0" tag="245"><subfield code="a">Lecture Notes in Physics. vol. 158 Dynamics of Nuclear Fission and Related Collective Phenomena. Proceedings, Bad Honnef, Germany 1981</subfield><subfield code="c">P. David, T. Mayer-Kockuk, A. van der Woude (eds.)</subfield></datafield><datafield ind1=" " ind2=" " tag="260"><subfield code="a">Berlin</subfield><subfield code="b">Springer-verlag</subfield><subfield code="c">1982</subfield></datafield><datafield ind1=" " ind2=" " tag="300"><subfield code="a">X+462P</subfield></datafield><datafield ind1=" " ind2=" " tag="490"><subfield code="a">Lecture Notes In Physics, 158</subfield></datafield><datafield ind1="1" ind2=" " tag="700"><subfield code="a">Woude, A. Van Der</subfield><subfield code="e">Ed</subfield></datafield><datafield ind1=" " ind2=" " tag="852"><subfield code="a">33191</subfield><subfield code="c">53</subfield></datafield><datafield ind1=" " ind2=" " tag="CAT"><subfield code="a">SYS</subfield><subfield code="c">20170116</subfield><subfield code="h">135829</subfield></datafield></record></collection>